Automatically generated by Mendeley Desktop 1.13.8
Any changes to this file will be lost if it is regenerated by Mendeley.

BibTeX export options can be customized via Preferences -> BibTeX in Mendeley Desktop

@misc{Arduino2013,
author = {Arduino},
title = {{Arduino}},
url = {www.arduino.cc},
year = {2013}
}
@article{Gragger2010,
author = {Gragger, JV and Haumer, A and Einhorn, M},
file = {:Users/wesselwessels1/Library/Application Support/Mendeley Desktop/Downloaded/Gragger, Haumer, Einhorn - 2010 - Averaged Model of a Buck Converter for Efficiency Analysis.pdf:pdf},
journal = {Engineering Letters},
number = {February},
title = {{Averaged Model of a Buck Converter for Efficiency Analysis}},
url = {http://www.doaj.org/doaj?func=fulltext\&aId=504249},
year = {2010}
}
@misc{Elert2013,
author = {Elert, G},
title = {{No Title}},
url = {http://physics.info/rotational-dynamics/},
year = {2013}
}
@article{Richter1995a,
author = {Richter, P H},
file = {:Users/wesselwessels1/Library/Application Support/Mendeley Desktop/Downloaded/Richter - 1995 - Estimating Errors in Least-Squares Fitting.pdf:pdf},
title = {{Estimating Errors in Least-Squares Fitting}},
url = {http://tmo.jpl.nasa.gov/progress\_report/42-122/122E.pdf},
year = {1995}
}
@book{Gopal2010,
author = {Gopal, M},
isbn = {978-007-107889-4},
publisher = {McGraw Hill},
title = {{Digital Control and State Variable Methods- Conventional and Intelligent Control Systems}},
year = {2010}
}
@misc{Chipkit2013,
author = {Chipkit},
title = {{Uno32 Interrupts}},
url = {http://chipkit.org/forum/viewtopic.php?f=17\&t=1038},
year = {2013}
}
@book{Mohan2003,
author = {Mohan, N and Undeland, TM and Wp, Robbins},
isbn = {987-0-471-22693-2},
publisher = {Wiley},
title = {{Powe Electronics- Converters, Applications and Design}},
year = {2003}
}
@misc{Inc,
author = {Inc, Diligent},
title = {{chipKIT Uno32 Prototyping Platform}},
url = {http://www.digilentinc.com/Products/Detail.cfm?Prod=CHIPKIT-UNO32}
}
@misc{CLENGI2013,
author = {CLENGI},
title = {{Small Angle Approximation}},
url = {http://www.clengi.com/engineering-tutorial/mechanics-of-materials/small-angle-approximation/},
year = {2013}
}
@article{Bazoune,
author = {Bazoune, A},
file = {:Users/wesselwessels1/Library/Application Support/Mendeley Desktop/Downloaded/Bazoune - Unknown - Chapter 10 Time Domain Analysis of and Design of Control Systems.pdf:pdf},
pages = {1--9},
title = {{Chapter 10 : Time Domain Analysis of and Design of Control Systems}},
url = {http://opencourseware.kfupm.edu.sa/colleges/ces/me/me413/files\%5C2-Chapters\_10\_5\_Transient\_Response\_Specifications.pdf}
}
@book{Franklin2010,
author = {Franklin, GF and Powell, JD and Emami-Naeini, A},
edition = {6},
isbn = {0-13-5000150-1},
title = {{Feedback Control of Dynamic Systems}},
year = {2010}
}
@book{Neaman2010,
author = {Neaman, DA},
edition = {4},
isbn = {978-007-128947-4},
publisher = {McGraw Hill},
title = {{Microelectronics- Circuit Analysis and Design}},
year = {2010}
}
